<?xml version="1.0" encoding="UTF-8"?><collection xmlns="http://www.loc.gov/MARC21/slim"><record><leader>00393nam--2200157-u-4500</leader><controlfield tag="001">000051685</controlfield><controlfield tag="002">20161230</controlfield><controlfield tag="005">20170122110557</controlfield><controlfield tag="008">080819s1000------------r-----000-0-eng-d</controlfield><datafield ind1=" " ind2=" " tag="040"><subfield code="a">IFIN-HH</subfield></datafield><datafield ind1="1" ind2=" " tag="100"><subfield code="a">Brelot, Marcel</subfield></datafield><datafield ind1="1" ind2="0" tag="245"><subfield code="a">Osnobi klassiceskoi teorii potentiala</subfield></datafield><datafield ind1=" " ind2=" " tag="260"><subfield code="a">Moskva</subfield><subfield code="b">Izdatelstvo MIR</subfield><subfield code="c">1964</subfield></datafield><datafield ind1=" " ind2=" " tag="300"><subfield code="a">212 p</subfield></datafield><datafield ind1=" " ind2=" " tag="852"><subfield code="a">9727</subfield><subfield code="c">517.53</subfield></datafield><datafield ind1=" " ind2=" " tag="CAT"><subfield code="a">SYS</subfield><subfield code="c">20170122</subfield><subfield code="h">110557</subfield></datafield></record></collection>